<?xml version="1.0" encoding="UTF-8"?><record xmlns="http://www.loc.gov/MARC21/slim" xmlns:cinclude="http://apache.org/cocoon/include/1.0" xmlns:zs="http://www.loc.gov/zing/srw/">
  <leader>00866cz  a2200157n  4500</leader>
  <controlfield tag="001">no2012154043</controlfield>
  <controlfield tag="003">DLC</controlfield>
  <controlfield tag="005">20130207075123.0</controlfield>
  <controlfield tag="008">121205n| azannaabn          |a ana     c</controlfield>
  <datafield tag="010" ind1=" " ind2=" ">
    <subfield code="a">no2012154043</subfield>
  </datafield>
  <datafield tag="035" ind1=" " ind2=" ">
    <subfield code="a">(OCoLC)oca09359841</subfield>
  </datafield>
  <datafield tag="040" ind1=" " ind2=" ">
    <subfield code="a">InU</subfield>
    <subfield code="b">eng</subfield>
    <subfield code="e">rda</subfield>
    <subfield code="c">InU</subfield>
    <subfield code="d">WaU</subfield>
  </datafield>
  <datafield tag="110" ind1="2" ind2=" ">
    <subfield code="a">Food and Agriculture Organization of the United Nations.</subfield>
    <subfield code="b">Marine and Inland Fisheries Service</subfield>
  </datafield>
  <datafield tag="410" ind1="2" ind2=" ">
    <subfield code="w">nnea</subfield>
    <subfield code="a">FAO Fisheries and Aquaculture Dept.</subfield>
    <subfield code="b">Marine and Inland Fisheries Service</subfield>
  </datafield>
  <datafield tag="410" ind1="2" ind2=" ">
    <subfield code="a">Food and Agriculture Organization of the United Nations.</subfield>
    <subfield code="b">Fisheries and Aquaculture Resources Use and Conservation Division.</subfield>
    <subfield code="b">Marine and Inland Fisheries Service</subfield>
  </datafield>
  <datafield tag="670" ind1=" " ind2=" ">
    <subfield code="a">Review of the state of world marine fishery resources, 2011:</subfield>
    <subfield code="b">t.p. (Marine and Inland Fisheries Service, Fisheries and Aquaculture Resources Use and Conservation Division, FAO Fisheries and Aquaculture Department)</subfield>
  </datafield>
</record>